@book{livroSUS,
 editor = {Carlos Octávio Ocké-Reis},
 title = {SUS: avaliação da eficiência do gasto público em saúde},
 year = {2023},
 edition = {1},
 publisher = {Instituto de Pesquisa Econômica Aplicada (IPEA); Conselho Nacional de Secretários de Saúde (Conass); Organização Pan-Americana da Saúde (Opas/OMS)},
 address = {Brasília, Brazil},
 isbn = {978-65-88631-30-0},
 url = {https://repositorio.ipea.gov.br/handle/11058/12029} 	
}


@manual{R2017,
  title = {R: A Language and Environment for Statistical Computing},
  author = {{R Core Team}},
  organization = {R Foundation for Statistical Computing},
  address = {Vienna, Austria},
  year = {2017},
  url = {https://www.R-project.org/},
}



